@article{wickham2013,
  title={devtools: Tools to make developing R code easier},
  author={Wickham, Hadley and Chang, Winston},
  journal={R package version},
  volume={1},
  number={1},
  year={2013}
}

@article{kingND,
  title={Optimizing Balance and Sample Size in Matching Methods for Causal Inference},
  author={King, Gary and Lucas, Christopher and Nielsen, Richard},
  journal={Working Paper},
  year={n.d.}
}

@article{r2012,
  title={R: A language and environment for statistical computing},
  author={Team, R Core and others},
  year={2012},
  publisher={R Foundation for Statistical Computing, Vienna, Austria. ISBN}
}

@article{king2006,
  title={The dangers of extreme counterfactuals},
  author={King, Gary and Zeng, Langche},
  journal={Political Analysis},
  volume={14},
  number={2},
  pages={131--159},
  year={2006},
  publisher={SPM-PMSAPSA}
}

@article{imai2008,
  title={Misunderstandings between experimentalists and observationalists about causal inference},
  author={Imai, Kosuke and King, Gary and Stuart, Elizabeth A},
  journal={Journal of the royal statistical society: series A (statistics in society)},
  volume={171},
  number={2},
  pages={481--502},
  year={2008},
  publisher={Wiley Online Library}
}


@article{lalonde1986,
  title={Evaluating the econometric evaluations of training programs with experimental data},
  author={LaLonde, Robert J},
  journal={The American Economic Review},
  pages={604--620},
  year={1986},
  publisher={JSTOR}
}

@article{dehejia1999,
  title={Causal effects in nonexperimental studies: Reevaluating the evaluation of training programs},
  author={Dehejia, Rajeev H and Wahba, Sadek},
  journal={Journal of the American statistical Association},
  volume={94},
  number={448},
  pages={1053--1062},
  year={1999},
  publisher={Taylor \& Francis Group}
}

@article{ho2007,
  title={Matching as nonparametric preprocessing for reducing model dependence in parametric causal inference},
  author={Ho, Daniel E and Imai, Kosuke and King, Gary and Stuart, Elizabeth A},
  journal={Political analysis},
  volume={15},
  number={3},
  pages={199--236},
  year={2007}
}

@article{ho2009,
  title={MatchIt: nonparametric preprocessing for parametric causal inference},
  author={Ho, Daniel E and Imai, Kosuke and King, Gary and Stuart, Elizabeth A},
  journal={Journal of Statistical Software},
  year={2009}
}

@article{iacusND,
  title={How coarsening simplifies matching-based causal inference theory},
  author={Iacus, Stefano M and King, Gary},
  year={n.d.},
  institution={Working Paper (available at http://gking. harvard. edu/publications)}
}

@article{ratkovicND,
  title={A Matching Method for General Treatment Regimes},
  author={Ratkovic, Marc},
  year={n.d.},
  institution={Working Paper}
}

@article{iacus2011a,
  title={Multivariate matching methods that are monotonic imbalance bounding},
  author={Iacus, Stefano M and King, Gary and Porro, Giuseppe},
  journal={Journal of the American Statistical Association},
  volume={106},
  number={493},
  pages={345--361},
  year={2011},
  publisher={Taylor \& Francis}
}

@article{iacus2011b,
  title={Causal inference without balance checking: Coarsened exact matching},
  author={Iacus, Stefano M and King, Gary and Porro, Giuseppe},
  journal={Political analysis},
  pages={mpr013},
  year={2011},
  publisher={SPM-PMSAPSA}
}
